@string{acadpress = "Academic Press"}
@string{acm = "{ACM} Press"}
@string{addison = "Addison-Wesley"}
@string{ams = "American Mathematical Society"}
@string{cup = "Cambridge University Press"}
@string{elsevier = "Elsevier Science Publishers"}
@string{entcs = "Electronic Notes in Theoretical Computer Science"}
@string{ieee = "{IEEE}"}
@string{jsl = "Journal of Symbolic Logic"}
@string{lnai = "Lecture Notes in Artificial Intelligence"}
@string{lncs = "Lecture Notes in Computer Science"}
@string{mit = "The {MIT} Press"}
@string{prentice = "Prentice Hall"}
@string{springer = "Springer-Verlag"}
@string{tcs = "Theoretical Computer Science"}
@string{toplas = "{ACM} Transactions on Programming Languages and Systems"}

@InProceedings{AppelMacQueen91,
  author =       {A. W. Appel and D. B. MacQueen},
  title =        {Standard {ML} of {N}ew {J}ersey},
  booktitle =    {Programming Language Implementation and Logic Programming},
  pages =        {1--26},
  year =         1991,
  volume =       528,
  series =       lncs,
  publisher =    springer
}

@Book{BarwiseEtchemendy93,
  author =       {J. Barwise and J. Etchemendy},
  title =        {Turing's World 3.0 for {M}ac: An Introduction to Computability Theory},
  publisher =    cup,
  year =         1993
}

@Book{Enderton77,
  author =       {H. B. Enderton},
  title =        {Elements of Set Theory},
  publisher =    {Academic Press},
  year =         1977}

@Book{HopcroftMotwaniUllman01,
  author =       {J. E. Hopcroft and R. Motwani and J. D. Ullman},
  title =        {Introduction to Automata Theory, Languages and Computation},
  publisher =    addison,
  year =         2001,
  edition =      {second}
}

@Book{Jones97,
  author    =  {N. J. Jones},
  title     =  {Computability and Complexity: From a Programming Perspective},
  publisher =  mit,
  year      =  1997}

@Book{Kozen97,
  author    =    {D. C. Kozen},
  title     =    {Automata and Computability},
  publisher =    springer,
  year      =    1997}

@Unpublished{Leiss,
  author =       {H. Lei\ss},
  title =        {{T}he {A}utomata {L}ibrary},
  note =         {\url{http://www.cis.uni-muenchen.de/~leiss/sml-automata.html}},
  year =         2010
}

@Book{Linz01,
  author =       {P. Linz},
  title =        {An Introduction to Formal Languages and Automata},
  publisher =    {Jones and Bartlett Publishers},
  year =         2001}

@Book{LewisPapadimitriou98,
  author =       {H. R. Lewis and C. H. Papadimitriou},
  title =        {Elements of the Theory of Computation},
  publisher =    prentice,
  year =         1998,
  edition =      {second}
}

@Article{Lombardy04,
  author =       {S. Lombardy and Y. R\'egis-Gianas and J. Sakarovitch},
  title =        {Introducing Vaucanson},
  journal =      tcs,
  year =         2004,
  volume =       328,
  pages =        {77-96}}

@Book{Martin91,
  author =       {J. C. Martin},
  title =        {Introduction to Languages and the Theory of Computation},
  publisher =    {McGraw Hill},
  year =         1991,
  edition =      {second}
}

@Book{Milner97,
  author =       {R. Milner and M. Tofte and R. Harper and D. MacQueen},
  title =        {The Definition of Standard {ML}---Revised 1997},
  publisher =    mit,
  year =         1997
}

@Book{Paulson96,
  author =       {L. C. Paulson},
  title =        {{ML} for the Working Programmer},
  publisher =    cup,
  year =         1996,
  edition =      {second}
}

@Article{Raymond94,
  author =   {D. Raymond and D. Wood},
  title =    {{Grail}: A {C}++ Library for Automata and Expressions},
  journal =  {Journal of Symbolic Computation},
  year =     1994,
  volume =   17,
  pages =    {341--350}}

@InProceedings{Robinson99,
  author =       {M. B. Robinson and J. A. Hamshar and J. E. Novillo and
                  A. T. Duchowski},
  title =        {A {J}ava-based tool for reasoning about models of
                  computation through simulating finite automata and turing
                  machines},
  booktitle =    {Thirtieth {ACM} {SIGCSE} Technical Symposium on Computer
                  Science Education},
  pages =        {105--109},
  year =         1999,
  publisher =    acm
}

@InProceedings{Rodger97,
  author =       {A. O. Bilska and K. H. Leider and M. Procopiuc and
                  O. Procopiuc and S. H. Rodger and J. R. Salemme and
                  E. Tsang},
  title =        {A collection of tools for making automata theory and
                  formal languages come alive},
  booktitle =    {Twenty-eighth {ACM} {SIGCSE} Technical Symposium on Computer
                  Science Education},
  pages =        {15--19},
  year =         1997,
  publisher =    acm
}

@InProceedings{Rodger00,
  author =       {T. Hung and S. H. Rodger},
  title =        {Increasing visualization and interaction in the
                  automata theory course},
  booktitle =    {Thirty-first {ACM} {SIGCSE} Technical Symposium on Computer
                  Science Education},
  pages =        {6--10},
  year =         2000,
  publisher =    acm
}

@Book{Rodger06,
  author =       {S. H. Rodger},
  title =        {{JFLAP}: An Interactive Formal Languages and Automata Package},
  publisher =    {Jones and Bartlett Publishers},
  year =         2006}

@InProceedings{Saraiva02,
  author =       {J. Saraiva},
  title =        {{HaLeX}: A {H}askell Library to Model, Manipulate and Animate Regular Languages},
  booktitle =    {ACM Workshop on Functional and Declarative Programming in Education (FDPE/PLI'02)},
  year =         2002,
  address =      {Pittsburgh},
  month =        {October}
}

@InProceedings{Stoughton05,
  author =       {A. Stoughton},
  title =        {Experimenting with Formal Languages},
  booktitle =    {Thirty-sixth {ACM} {SIGCSE} Technical Symposium on Computer
                  Science Education},
  pages =        {566},
  year =         2005,
  publisher =    acm
}

@inproceedings{Stoughton08,
 author = {A. Stoughton},
 title = {Experimenting with Formal Languages Using {Forlan}},
 booktitle = {FDPE '08: Proceedings of the 2008 International Workshop on Functional and Declarative Programming in Education},
 year = {2008},
 isbn = {978-1-60558-068-5},
 pages = {41--50},
 location = {Victoria, BC, Canada},
 doi = {http://doi.acm.org/10.1145/1411260.1411267},
 publisher = {ACM},
 address = {New York, NY, USA},
 }

@InProceedings{Sutner92,
  author =       {K. Sutner},
  title =        {Implementing finite state machines},
  booktitle =    {Computational Support for Discrete Mathematics,
                  {DIMACS} Series in Discrete Mathematics and Theoretical
                  Computer Science},
  pages =        {347--363},
  year =         1992,
  editor =       {N. Dean and G. E. Shannon},
  volume =       15,
  publisher =    ams
}

@Book{Ullman98,
  author =       {J. D. Ullman},
  title =        {Elements of ML Programming: ML97 Edition},
  publisher =    prentice,
  year =         1998
}

@Unpublished{Grail,
  author =       {D. Raymond and D. Wood and S. Yu and C. C\^ampeanu},
  title =        {Grail+: A symbolic computation environment
for finite-state machines, regular expressions, and finite languages},
  note =         {\url{http://www.csit.upei.ca/~ccampeanu/Grail/}},
  year =         2017
}


 